@book{Abbott,
	author={Stephen Abbot},
	title={Understanding Analysis},
	year={2002},
	edition={2nd},
	publisher={Springer-Verlag},
	series={Undergraduate Texts in Mathematics},
	isbn={978-0387950600}
}

@article{Arens,
	author = {Richard F. Arens},
	title = {A Topology for Spaces of Transformations},
	journaltitle = {Annals of Mathematics},
	date = {1946-07},
	series = {2},
	volume = {47},
	number = {3},
	pages = {480--495},
	url = {http://www.jstor.org/stable/pdf/1969087.pdf?refreqid=excelsior:f0c2f08589ab86fec0778d257d1c630f},
	urldate = {2017-05-19}
}


@book{Bourbaki,
	author={Nicolas Bourbaki},
	title={Elements of Mathematics},
	subtitle={General Topology},
	part={Part I},
	year={1966},
	isbn={978-3540642411}
}

@book{Cohn,
	author={Donald L. Cohn},
	title={Measure Theory},
	year={2013},
	edition={2nd},
	publisher={Birkh\"{a}user},
	series={Birk\"{a}user Advanced Texts},
	isbn={978-1461469551}
}

@online{Coleman,
	author={Mark Coleman},
	title={Continuous functions nowhere differentiable},
	date={2010-10-06},
	url={http://www.maths.manchester.ac.uk/~mdc/MATH20101/notesPermanant/Contsnondiff.pdf}
}

@book{Drabek,
	author = {Pavel Drábek and Jaroslav Milota},
	title = {Methods of Nonlinear Analysis},
	date = {2007},
	subtitle = {Applications to Differential Equations},
	publisher = {Birkäuser},
	isbn = {978-3-7643-8146-2}
}


@book{Folland,
	author={Gerald B. Folland},
	title={Real Analysis},
	subtitle={Modern Techniques and Their Applications},
	year={1999},
	edition={2nd},
	publisher={John Wiley \& Sons, Inc.},
	series={Pure and Applied Mathematics},
	isbn={0-471-31716-0}
}
	
@book{Gelbaum,
	author={Bernard R. Gelbaum and John M. H. Olmsted},
	title={Counterexamples in Analysis},
	year={1992},
	publisher={Dover Publications},
	isbn={978-0486428758}
}

@online{GleasonMeasure,
	author={Jonathan Gleason},
	title={A homeomorphism of $\R$ that doesn't preserve lebesgue measurability},
	year={2009},
	url={https://www.academia.edu/14753183/A_homeomorphism_of_mathbb_R_that_doesnt_preserve_lebesgue_measurability}
}

@online{GleasonHaar,
	author={Jonathan Gleason},
	title={Existence and uniqueness of haar measure},
	year={2010},
	url={https://www.academia.edu/740208/Existence_and_Uniqueness_of_Haar_Measure}
}

@online{Grayson,
	author={Daniel R. Grayson},
	title={Zorn's Lemma},
	year={2007},
	url={http://www.math.uiuc.edu/~dan/ShortProofs/Zorn.pdf}
}

@book{Hart,
	author={K. P. Hart and J. Nagata and J. E. Vaughn},
	title={Encyclopedia of General Topology},
	year={2004},
	publisher={Elsevier Science},
	isbn={978-0444503558}
}

@online{Honig,
	author={Chaim Samuel H\"{o}nig},
	title={Proof of the well-ordering of cardinal numbers},
	data={1953-06-28},
	url={http://www.ams.org/journals/proc/1954-005-02/S0002-9939-1954-0060558-3/S0002-9939-1954-0060558-3.pdf}
}

@book{Howes,
	author={Norman R. Howes},
	title={Modern Analysis and Topology},
	year={1991},
	publisher={Springer-Verlag},
	series={Universitext},
	isbn={978-0387979861}
}

@book{Isbell,
	author={J. R. Isbell},
	title={Uniform spaces},
	year={1964},
	publisher={American Mathematical Society},
	series={Mathematical Surveys and Monographs},
	isbn={978-0821815120}
}

@book{Kelley,
	author={John L. Kelley},
	title={General Topology},
	year={1955},
	publisher={Springer-Verlag},
	series={Graduate Texts in Mathematics},
	isbn={978-0923891558}
}

@online{Kunzi,
	author={Hans-Peter A.},
	title={An Introduction to the Theory of Quasi-uniform Spaces},
	date={2005-05-07},
		url={http://math.sun.ac.za/cattop/Output/Kunzi/quasiintr.pdf}
}

@book{Lee,
	author={John M. Lee},
	title={Riemannian Manifolds},
	subtitle={An Introduction to Curvature},
	year={1997},
	publisher={Springer-Verlag},
	series={Graduate Texts in Mathematics},
	isbn={978-0387983226}
}

@online{mathoverflow,
	author={mathoverflow},
	title={mathoverflow},
	year={\the\year},
	url={http://mathoverflow.net/}
}

@online{stackexchange,
	author={math.stackexchange},
	title={math.stackexchange},
	year={\the\year},
	url={http://math.stackexchange.com/}
}
	
@book{Munkres,
	author={James Munkres},
	title={Topology},
	year={2000},
	edition={2nd},
	publisher={Prentice Hall}
}

@book{Preuss,
	author={Gerhard Preuss},
	title={Foundations of Topology},
	subtitle={An Approach to Convenient Topology},
	year={2002},
	publisher={Kluver Academic Publishers},
	isbn={978-9401039406}
}

@book{Pugh,
	author={Charles Chapman Pugh},
	title={Real Mathematical Analysis},
	year={2002},
	publisher={Springer-Verlag},
	series={Undergraduate Texts in Mathematics},
	isbn={978-0387952970}
}

@book{Ross,
	author={Kenneth Ross},
	title={Elementary Analysis},
	subtitle={The Theory of Calculus},
	year={2013},
	publisher={Springer-Verlag},
	series={Undergraduate Texts in Mathematics},
	isbn={000-1461462703}
}

@book{Rudin,
	author={Walter Rudin},
	title={Principles of Mathematical Analysis},
	edition={3rd},
	year={1976},
	publisher={McGraw-Hill},
	isbn={978-0070542358}
}

@book{BigRudin,
	author={Walter Rudin},
	title={Real and Complex Analysis},
	edition={3rd},
	year={1987},
	publisher={McGraw-Hill},
	isbn={978-0070542341}
}

@book{Sally,
	author={Paul J. Sally Jr.},
	title={Fundamentals of Mathematical Analysis},
	year={2013},
	publisher={American Mathematical Society},
	series={Pure and Applied Undergraduate Texts},
	number={20},
	isbn={978-0821891414}
}

@book{Steen,
	author={Lynn Arthur Steen and J. Arthur Seebach Jr.},
	title={Counterexamples in Topology},
	year={1970},
	publisher={Dover Publications},
	isbn={978-0486687353}
}

@book{Stein,
	author={Elias M. Stein and Rami Shakarchi},
	title={Real Analysis},
	subtitle={Measure Theory, Integration, and Hilbert Spaces},
	year={2005},
	publisher={Princeton University Press},
	isbn={978-0691113869}
}

@article{Thomas,
	author={J. Thomas},
	title={A regular space, not completely regular},
	year={1969},
	journaltitle={The American Mathematical Monthly},
	volume={76},
	number={2},
	pages={181--182}
}

@online{Wikipedia,
	author={Wikipedia},
	title={Wikipedia},
	year={\the\year},
	url={https://www.wikipedia.org/}
}

@article{Yang,
	author={Hansheng Yang and Bin Lu},
	title={Another proof for the $p$-series Test},
	date={2005-05-03},
	journaltitle={The College Mathematics Journal},
	volume={36},
	number={3},
	pages={235--237},
	url={http://www.maa.org/sites/default/files/hansheng05200541578.pdf}
}